@techreport{pseudonym,
  title={Pseudonymisation techniques and best practices},
  author={Bourka, A. and Drogkaris, P. and Agrafiotis, I.},
  institution={European Union Agency for Cybersecurity (ENISA) },
  year={2019},
  month={November}
}


@article{limesurvey,
  title={Accessing practitioner expertise through online survey tool LimeSurvey},
  author={Klieve, HM and Beamish, Wendi and Bryer, FK and Rebollo, RE and Perrett, HO and Van Den Muyzenberg, Jeroen},
  journal={Knowledge in Technology Education (TERC 2010)},
  volume={2},
  year={2010}
}

@article{gdpr,
  title={The eu general data protection regulation (gdpr)},
  author={Voigt, Paul and Von dem Bussche, Axel},
  journal={A Practical Guide, 1st Ed., Cham: Springer International Publishing},
  year={2017},
  publisher={Springer}
}